@Article{Aroca2012,
  author  = {Aroca, Rafael and Goncalves, Luiz},
  title   = {Towards green data centers: A comparison of x86 and ARM architectures power efficiency},
  doi     = {10.1016/j.jpdc.2012.08.005},
  pages   = {1770-1780},
  volume  = {72},
  journal = {Journal of Parallel and Distributed Computing},
  month   = {12},
  year    = {2012},
}

@Online{Walshe2015,
  author = {Ben Walshe},
  date   = {2015-04-21},
  title  = {A Brief History of Arm: Part 1},
  url    = {https://community.arm.com/arm-community-blogs/b/architectures-and-processors-blog/posts/a-brief-history-of-arm-part-1},
}

@Article{Asghar2020,
  author  = {Asghar, Muhammad},
  title   = {A Review of ARM Processor Architecture History, Progress and Applications},
  doi     = {10.36785/BUITEMS.JAES.446},
  pages   = {171-179},
  journal = {Journal of Applied and Emerging Sciences},
  month   = {12},
  year    = {2020},
}

@Book{Harris2015,
  author    = {Harris Sarah, Harris David},
  title     = {Digital Design and Computer Architecture: ARM Edition},
  chapter   = {6},
  edition   = {1st},
  isbn      = {0128000562},
  publisher = {Morgan Kaufmann Publishers Inc.},
  address   = {San Francisco, CA, USA},
  year      = {2015},
}

@InProceedings{Ford2021,
  author    = {Ford, Blake W. and Qasem. Jelena and Zong, Ziliang},
  booktitle = {2021 IEEE International Conference on Networking, Architecture and Storage (NAS)},
  title     = {Migrating Software from x86 to ARM Architecture: An Instruction Prediction Approach},
  doi       = {10.1109/NAS51552.2021.9605443},
  pages     = {1-6},
  year      = {2021},
}

@Article{Ravali2016,
  author = {Ravali, Mathan, Ravi},
  title  = {Performance analysis of an efficient ARMv8 processor},
  pages  = {7055-7058},
  volume = {11},
  month  = {06},
  year   = {2016},
}

@Comment{jabref-meta: databaseType:biblatex;}
